
@article{
    farchi-2016,
        title     = {Using the {W}asserstein distance to compare fields of pollutants: 
                     {A}pplication to the radionuclides atmospheric dispersion of the {F}ukushima-{D}aiichi accident},
        author    = {Farchi, Alban and Bocquet, Marc and Roustan, Yelva and Mathieu, Anne, and Qu{\'e}rel, Arnaud},
        journal   = {Tellus B}, 
        volume    = {--},
        number    = {--},
        pages     = {--},
        note      = {in preparation},
        year      = {2016},
        doi       = {--}
}

@article{
    papadakis-2014,
        title     = {Optimal {T}ransport with {P}roximal {S}plitting},
        author    = {Papadakis, N. and Peyr{\'e}, G. and Oudet, E.},
        journal   = {SIAM Journal on Imaging Sciences},
        volume    = {7},
        number    = {1},
        pages     = {212--238},
        year      = {2014},
        doi       = {10.1137/130920058}
}

@book{
    villani-2008,
        title     = {Optimal {T}ransport: {O}ld and {N}ew},
        author    = {Villani, C.},
        volume    = {338},
        year      = {2008},
        pages     = {976},
        publisher = {Springer-Verlag Berlin Heidelberg},
        doi       = {10.1007/978-3-540-71050-9}
}

@incollection{
    monge-1781,
        title     = {M{\'e}moire sur la th{\'e}orie des d{\'e}blais et des remblais},
        booktitle = {Histoire de l'{A}cad{\'e}mie {R}oyale des {S}ciences de {P}aris},
        author    = {Monge, G.},
        year      = {1781},
        pages     = {666-704}
} 

@article{
    kantorovich-1942,
        title     = {On the translocation of masses},
        author    = {Kantorovich, L. V.},
        journal   = {Dokl. Akad. Nauk SSSR},
        volume    = {37},
        pages     = {199--201},
        year      = {1942}
}

@article{
    benamou-2000,
        title     = {A computational fluid mechanics solution to the {M}onge-{K}antorovich mass transfer problem},
        author    = {Benamou, J.-D. and Brenier, Y.},
        journal   = {Numerische Mathematik},
        volume    = {84},
        number    = {3},
        pages     = {375--393},
        year      = {2000},
        doi       = {10.1007/s002110050002}
}

